<!DOCTYPE html PUBLIC "-//W3C//DTD XHTML 1.0 Strict//EN" "http://www.w3.org/TR/xhtml1/DTD/xhtml1-strict.dtd">

<html xmlns="http://www.w3.org/1999/xhtml">
<head>
<meta name="description" content="Daržovės" />
<meta name="keywords" content="Daržovės" />
<title>Daržovės | daržovės</title>
<meta http-equiv="content-type" content="text/html; charset=utf-8" />
<link rel="stylesheet" type="text/css" href="style.css" />


</head>
<body  id="I2Vle4SnhCKK">
<div id="wrapper">
	<div id="header">
		<div id="logo">
			<h1 id="Rnivu3yq4XwJ"><a href="index.html">daržovės</a></h1>
		</div>
		<div id="slogan">
			<h2 id="uOMdg7ksFd"></h2>
		</div>
	</div>
	<div id="menu">
		<ul>
			<li class="first current_page_item"><a href="index.html">Homepage</a></li>
			<li><a href="#">Products</a></li>
			<li><a href="#">Services</a></li>
			<li><a href="#">Clients</a></li>
			<li><a href="#">Support</a></li>
			<li><a href="privacy-policy.html">Privacy policy</a></li>
			<li><a href="terms.html">Terms and Conditions</a></li>
			<li><a href="photo.html">Photo gallery</a></li>
			<li class="last"><a href="contact.html">Contacts</a></li>
		</ul>
		<br class="clearfix" />
	</div>
	<div id="splash">
		<img class="pic" src="images/pic01.jpg" width="870" height="230" alt="" />
	</div>
	<div id="page">
		<div id="content">
			<div class="box"  id="uRwrBaXZ4C">
				<h2>Welcome to daržovės</h2>
			</div>
<h2 id="fUCTQknr">Daržovės</h2> 2020.10.29 08:44
				<center><img src="img/513f6a1ccdb725526053ca3a38b90e6f.jpg" width="50%"   id="nB4gH2Xeyc"></center><br><br><span> Informuojame, kad šioje svetainėje yra naudojami slapukai (angl. cookies). Toliau naršydami svetainėje arba paspausdami mygtuką Sutinku Jūs sutinkate su slapukų naudojimu. Savo duotą sutikimą bet kada galėsite atšaukti pakeisdami savo interneto naršyklės nustatymus ir ištrindami įrašytus slapukus. Daugiau informacijos apie slapukus galite rasti čia . </span> Sutinku Keisti apskritį <span> Parsisiųskite</span> Lietuvių English Русский Registruotis Prisijungti Prisijungti Registruotis <p> Sveiki, ačiū, kad vėl pas mus užsukote!</p> <p> Caps Lock yra įjungtas<p> (8 5) 230 9309 Prekės Mano prekės Akcijos Eko ir ūkis Naujienos Receptai Daržovės ir vaisiai Pieno gaminiai ir kiaušiniai Duonos gaminiai ir konditerija Mėsa, žuvys ir kulinarija Bakalėja Šaldytas maistas Gėrimai Kūdikių ir vaikų prekės Kosmetika ir higiena Švaros ir gyvūnų prekės Namai ir laisvalaikis <span> Pagrindinis puslapis </span> <span> Daržovės ir vaisiai </span> <span> Daržovės </span> (8 5) 230 9309 Kasdien nuo 8 iki 21 val. El. p.: pagalba@barbora.lt Daržovės ir vaisiai <span> 213</span> Agurkai ir pomidorai <span> 28</span> Paprikos ir baklažanai <span> 14</span> Bulvės, morkos ir kopūstai <span> 20</span> Svogūnai, porai ir česnakai <span> 8</span> Burokėliai ir kiti šakniavaisiai <span> 13</span> Salotos ir jų mišiniai <span> 23</span> Prieskoninės daržovės ir žolelės <span> 31</span> Kukurūzai, žirniai, pupelės ir smidrai <span> 7</span> Moliūgai ir cukinijos <span> 2</span> 1 2 3 Filtruoti Rūšiuoti pagal: Abėcėlę (A-Ž) Abėcėlę (Ž-A) Kainą (didėj.) Kainą (mažėj.) Be Akcijos Akcijines kainas <span> Lietuviški česnakai, 2 vnt., 100 g</span> <span> €0,89 </span> €8,90/kg Lietuviški česnakai, 2 vnt., 100 g <span> KARTU REKOMENDUOJAME</span> <span> </span> <span> Sviestiniai moliūgai, 1 kg</span> <span> €1,69 </span> €1,69/kg Sviestiniai moliūgai, 1 kg <span> KARTU REKOMENDUOJAME</span> <span> </span> <span> MAŽOSIOS bulvytės, 0,6 kg</span> <span> €1,69 </span> €2,82/kg MAŽOSIOS bulvytės, 0,6 kg <span> KARTU REKOMENDUOJAME</span> <span> </span> <span> Korėjietiškai ruoštos morkos, 400 g</span> <span> €1,49 </span> €3,73/kg Korėjietiškai ruoštos morkos, 400 g <span> KARTU REKOMENDUOJAME</span> <span> </span> <span> Mažosios paprikos, įvairių spalvų, 150 g</span> <span> €1,49 </span> €9,93/kg Mažosios paprikos, įvairių spalvų, 150 g <span> KARTU REKOMENDUOJAME</span> <span> </span> <span> Ekologiškų paprikų rinkinys, fas., 300 g</span> <span> €3,49 </span> €11,63/kg Ekologiškų paprikų rinkinys, fas., 300 g <span> KARTU REKOMENDUOJAME</span> <span> </span> <span> Žirnių ankštys, fas. (be žirnių), 150 g</span> <span> €1,99 </span> €13,27/kg Žirnių ankštys, fas. (be žirnių), 150 g <span> KARTU REKOMENDUOJAME</span> <span> </span> <span> Korėjietiškai ruošti burokėliai, 400 g</span> <span> €1,29 </span> €3,23/kg Korėjietiškai ruošti burokėliai, 400 g <span> KARTU REKOMENDUOJAME</span> <span> </span> <span> Ekologiškos gražgarstės, 100 g</span> <span> €1,99 </span> €19,90/kg Ekologiškos gražgarstės, 100 g <span> KARTU REKOMENDUOJAME</span> <span> </span> <span> Pipirų rinkinys AŠTRIAUSI PASAULYJE, 80 g</span> <span> €3,49 </span> €43,63/kg Pipirų rinkinys AŠTRIAUSI PASAULYJE, 80 g <span> KARTU REKOMENDUOJAME</span> <span> </span> <span> Raudonos saldžiosios paprikos (70-90 mm), 1 kg</span> <span> €2,49 </span> €2,49/kg Raudonos saldžiosios paprikos (70-90 mm), 1 kg <span> KARTU REKOMENDUOJAME</span> <span> </span> <span> Svogūnai, 1 kg</span> <span> €0,39 </span> €0,39/kg Svogūnai, 1 kg <span> KARTU REKOMENDUOJAME</span> <span> </span> <span> Gūžinės salotos ICEBERG, 1 vnt.</span> <span> €0,99 </span> €0,99/vnt. Gūžinės salotos ICEBERG, 1 vnt. <span> KARTU REKOMENDUOJAME</span> <span> </span> <span> Slyviniai pomidorai (57-67 mm), 1 kg</span> <span> €1,99 </span> €1,99/kg Slyviniai pomidorai (57-67 mm), 1 kg <span> KARTU REKOMENDUOJAME</span> <span> </span> <span> Mažieji špinatai TASTY HOME (fasuoti), 200 g</span> <span> €1,49 </span> €7,45/kg Mažieji špinatai TASTY HOME (fasuoti), 200 g <span> KARTU REKOMENDUOJAME</span> <span> </span> <span> Špinatai TASTY HOME, 70 g</span> <span> €0,99 </span> €14,14/kg Špinatai TASTY HOME, 70 g <span> KARTU REKOMENDUOJAME</span> <span> </span> <span> Salotos vazonėlyje, 1 vnt.</span> <span> €0,79 </span> €0,79/vnt. Salotos vazonėlyje, 1 vnt. <span> KARTU REKOMENDUOJAME</span> <span> </span> <span> Česnakai, 1 kg</span> <span> €2,99 </span> €2,99/kg Česnakai, 1 kg <span> KARTU REKOMENDUOJAME</span> <span> </span> <span> Salotų mišinys TASTY HOME WILD, 170 g</span> <span> €1,29 </span> €7,59/kg Salotų mišinys TASTY HOME WILD, 170 g <span> KARTU REKOMENDUOJAME</span> <span> </span> <span> Salotinės sultenės TASTY HOME, 50 g</span> <span> €0,99 </span> €19,80/kg Salotinės sultenės TASTY HOME, 50 g <span> KARTU REKOMENDUOJAME</span> <span> </span> <span> Gražgarsčių lapai TASTY HOME, 70 g</span> <span> €0,99 </span> €14,14/kg Gražgarsčių lapai TASTY HOME, 70 g <span> KARTU REKOMENDUOJAME</span> <span> </span> <span> Gražgarsčių lapai TASTY HOME (fasuoti), 200 g</span> <span> €1,59 </span> €7,95/kg Gražgarsčių lapai TASTY HOME (fasuoti), 200 g <span> KARTU REKOMENDUOJAME</span> <span> </span> <span> Ekologiškos bulvės AUGA (fasuotos), 1 kg</span> <span> €0,99 </span> €0,99/kg Ekologiškos bulvės AUGA (fasuotos), 1 kg <span> KARTU REKOMENDUOJAME</span> <span> </span> <span> Virtos saldžiosios kukurūzų burbuolės JOVAIGĖ (fasuotos), 400 g</span> <span> €1,59 </span> €3,98/kg Virtos saldžiosios kukurūzų burbuolės JOVAIGĖ (fasuotos), 400 g <span> KARTU REKOMENDUOJAME</span> <span> </span> <span> Pikantiški korėjietiškai ruošti kopūstai, 400 g</span> <span> €1,79 </span> €4,48/kg Pikantiški korėjietiškai ruošti kopūstai, 400 g <span> KARTU REKOMENDUOJAME</span> <span> </span> <span> Uoginiai pomidorai su šakelėmis, 200 g</span> <span> €2,49 </span> €12,45/kg Uoginiai pomidorai su šakelėmis, 200 g <span> KARTU REKOMENDUOJAME</span> <span> </span> <span> Salotų mišinys LATTUGHINI, 100 g</span> <span> €0,99 </span> €9,90/kg Salotų mišinys LATTUGHINI, 100 g <span> KARTU REKOMENDUOJAME</span> <span> </span> <span> Salotų mišinys MISTICANZA RICCA, 100 g</span> <span> €0,99 </span> €9,90/kg Salotų mišinys MISTICANZA RICCA, 100 g <span> KARTU REKOMENDUOJAME</span> <span> </span> <span> Salotų mišinys DELICIOUS, 100 g</span> <span> €1,19 </span> €11,90/kg Salotų mišinys DELICIOUS, 100 g <span> KARTU REKOMENDUOJAME</span> <span> </span> <span> Bulvės šviežios lietuviškos (50-70 mm), 1 kg</span> <span> €0,29 </span> €0,29/kg Bulvės šviežios lietuviškos (50-70 mm), 1 kg <span> KARTU REKOMENDUOJAME</span> <span> </span> <span> Plautos morkos, 1 kg</span> €0,39 <span> €0,19 </span> €0,19/kg Plautos morkos, 1 kg <span> KARTU REKOMENDUOJAME</span> <span> </span> <span> Lietuviški pomidorai, 1 kg</span> <span> €1,39 </span> €1,39/kg Lietuviški pomidorai, 1 kg <span> KARTU REKOMENDUOJAME</span> <span> </span> <span> Brokolis, 1 vnt.</span> €1,49 <span> €0,79 </span> €0,79/vnt. Brokolis, 1 vnt. <span> KARTU REKOMENDUOJAME</span> <span> </span> <span> Batatai, 1 kg</span> <span> €1,99 </span> €1,99/kg Batatai, 1 kg <span> KARTU REKOMENDUOJAME</span> <span> </span> <span> Smulkiavaisiai pomidorai (indelyje), 250 g</span> <span> €0,95 </span> €3,80/kg Smulkiavaisiai pomidorai (indelyje), 250 g <span> KARTU REKOMENDUOJAME</span> <span> </span> <span> Lietuviški švieži baltagūžiai kopūstai, 1 kg</span> <span> €0,35 </span> €0,35/kg Lietuviški švieži baltagūžiai kopūstai, 1 kg <span> KARTU REKOMENDUOJAME</span> <span> </span> <span> Žiedinis kopūstas su lapais, 1 vnt.</span> <span> €1,99 </span> €1,99/vnt. Žiedinis kopūstas su lapais, 1 vnt. <span> KARTU REKOMENDUOJAME</span> <span> </span> <span> Rauginti kopūstai LINKĖJIMAI IŠ KAIMO (kibirėlyje), 800 g</span> <span> €1,69 </span> €2,11/kg Rauginti kopūstai LINKĖJIMAI IŠ KAIMO (kibirėlyje), 800 g <span> KARTU REKOMENDUOJAME</span> <span> </span> <span> Žalumynų rinkinys: svogūnų laiškai (50 g) ir krapai (20 g), 1 vnt.</span> <span> €0,99 </span> €0,99/vnt. Žalumynų rinkinys: svogūnų laiškai (50 g) ir krapai (20 g), 1 vnt. <span> KARTU REKOMENDUOJAME</span> <span> </span> <span> Rausvieji svogūnai, 1 kg</span> <span> €0,89 </span> €0,89/kg Rausvieji svogūnai, 1 kg <span> KARTU REKOMENDUOJAME</span> <span> </span> <span> Lupti virti burokėliai LINKĖJIMAI IŠ KAIMO (vakuumuoti), 500 g</span> <span> €0,46 </span> €0,92/kg Lupti virti burokėliai LINKĖJIMAI IŠ KAIMO (vakuumuoti), 500 g <span> KARTU REKOMENDUOJAME</span> <span> </span> <span> Baklažanai , 1 kg</span> <span> €1,79 </span> €1,79/kg Baklažanai , 1 kg <span> KARTU REKOMENDUOJAME</span> <span> </span> <span> Porai, 1 kg</span> <span> €1,49 </span> €1,49/kg Porai, 1 kg <span> KARTU REKOMENDUOJAME</span> <span> </span> <span> Salierų stiebas, 1 vnt.</span> <span> €1,29 </span> €1,29/vnt. Salierų stiebas, 1 vnt. <span> KARTU REKOMENDUOJAME</span> <span> </span> <span> Smulkiavaisiai pomidorai, 200 g</span> <span> €0,99 </span> €4,95/kg Smulkiavaisiai pomidorai, 200 g <span> KARTU REKOMENDUOJAME</span> <span> </span> <span> Imbierų šaknys, 1 kg</span> <span> €4,79 </span> €4,79/kg Imbierų šaknys, 1 kg <span> KARTU REKOMENDUOJAME</span> <span> </span> <span> Krapai (indelyje), 25 g</span> <span> €0,49 </span> €19,60/kg Krapai (indelyje), 25 g <span> KARTU REKOMENDUOJAME</span> <span> </span> <span> Traškios morkytės (fasuotos), 200 g</span> <span> €0,99 </span> €4,95/kg Traškios morkytės (fasuotos), 200 g <span> KARTU REKOMENDUOJAME</span> <span> </span> <span> Rauginti agurkai LINKĖJIMAI IŠ KAIMO, 600 g</span> <span> €1,99 </span> €3,32/kg Rauginti agurkai LINKĖJIMAI IŠ KAIMO, 600 g <span> KARTU REKOMENDUOJAME</span> <span> </span> <span> Lietuviškos šviežios bulvės (tinkl., 30-50 mm), 1 kg</span> <span> €0,18 </span> €0,18/kg Lietuviškos šviežios bulvės (tinkl., 30-50 mm), 1 kg <span> KARTU REKOMENDUOJAME</span> <span> </span> <span> Burokėliai, 1 kg</span> <span> €0,23 </span> €0,23/kg Burokėliai, 1 kg <span> KARTU REKOMENDUOJAME</span> <span> </span> <span> Petražolės (indelyje), 25 g</span> <span> €0,49 </span> €19,60/kg Petražolės (indelyje), 25 g <span> KARTU REKOMENDUOJAME</span> <span> </span> 1 2 3 Prekės Mano prekės Akcijos Eko ir ūkis Naujienos Receptai<br>
						
<iframe width="615 height="315" src="https://www.youtube.com/embed/WVDqKnJEaN0" frameborder="0" allow="accelerometer; autoplay; encrypted-media; gyroscope; picture-in-picture" allowfullscreen></iframe><br>		<img src="img/c2c5faf2d34bea0d0f25b1ac28f19a61.jpg" width="50%"/>

			<br class="clearfix" />
		</div>
		<div id="sidebar">
			<div class="box">
				<h3>Menu</h3>
<ul>
<li><a href="index.html">Daržovės | Skelbimai | AgroLietuva.lt</a></li>
<li><a href="1.html">Daržovės. Rekvizitai.lt</a><br></li>
<li><a href="2.html">Daržovės, vaisiai ir grybai | MAISTO PREKĖS | ShopTime.lt ...</a><br></li>
<li><a href="3.html">daržovės - išsamiai DELFI.lt</a><br></li>
<li><a href="4.html">Daržovės žiemai - Recipes</a><br></li>
<li><a href="5.html">Orkaitėje keptos daržovės: šiltos ir spalvotos salotos ...</a><br></li>
<li><a href="6.html">Daržovės – Skanaus!</a><br></li>
<li><a href="7.html">Daržovės | Sodas ir daržas - Sodas | Daržas | Sodas ir ...</a><br></li>
<li><a href="8.html">Daržovės - BARBORA</a><br></li>
<li><a href="9.html">DARŽOVĖS - E-gulbelė</a><br></li>
</ul>
			</div>

		</div>
		<br class="clearfix"  id="HxLoqfR4oyk"/>
	</div>
	<div id="page-bottom">
		<div id="page-bottom-content">
				<p>
					<ul>
<li><a href="index.html">Daržovės | Skelbimai | AgroLietuva.lt</a><br> Daržovės Rodoma 1–12 iš 17 Rūšiuoti pagal: Numatytasis rikiavimas Rikiuoti pagal populiarumą Rikiuoti nuo naujausių Rikiuoti pagal kainą (min → maks) Rikiuoti pagal kainą (maks → min)</li>
<li><a href="1.html">Daržovės. Rekvizitai.lt</a><br> UAB Handelshus. Kodas: 221412030. PVM mokėtojo kodas: LT214120314. Naugarduko g. 102, 03160, Vilnius. Telefonas: +37068697707.</li>
<li><a href="2.html">Daržovės, vaisiai ir grybai | MAISTO PREKĖS | ShopTime.lt ...</a><br> Daržovės · Greita · Mėsa · Salotos Jautienos salotos su rukola ir balzamiko padažu 12 birželio, 2016 12 birželio, 2016 raudonuaguonulaukas Komentarų: 0</li>
<li><a href="3.html">daržovės - išsamiai DELFI.lt</a><br> Daržovės. Daržovių auginimas, pardavimas, sandėliavimas, perdirbimas. Sodai daržovėms auginti. Daržovių ūkiai.</li>
<li><a href="4.html">Daržovės žiemai - Recipes</a><br> Daržovės – vienmečiai, dvimečiai ir daugiamečiai žoliniai augalai, kurių įvairios sultingos dalys vartojamos maistui. Mitybos prasme nuo daržovių skiriami vaisiai, kurie dažniausiai auga ant sumedėjusių augalų (medžių, krūmų, krūmokšnių) ir paprastai būna saldūs.</li>
<li><a href="5.html">Orkaitėje keptos daržovės: šiltos ir spalvotos salotos ...</a><br> Daržovės – vienmečiai, dvimečiai ir daugiamečiai žoliniai augalai, kurių įvairios sultingos dalys vartojamos maistui. Mitybos prasme nuo daržovių skiriami vaisiai, kurie dažniausiai ...</li>
<li><a href="6.html">Daržovės – Skanaus!</a><br> Daržovės žiemai - patiekalas, kurį nesunkiai pasigaminsite pagal šį receptą. Daug gerų, išbandytų receptų, kuriuos privalai išmėginti!</li>
<li><a href="7.html">Daržovės | Sodas ir daržas - Sodas | Daržas | Sodas ir ...</a><br> Daržovės Rabarbarai – sodinimas, auginimas ir priežiūra. Daržovės Pupelės – sodinimas, auginimas ir priežiūra. Daržovės. Daržo žirniai – sodinimas, auginimas ir priežiūra. admin-2019 4 lapkričio 0. Daržovės. Ridikėliai – sodinimas, auginimas ir priežiūra.</li>
<li><a href="8.html">Daržovės - BARBORA</a><br> Daržovės ir vaisiai Daržovės (8 5) 230 9309. Kasdien nuo 8 iki 21 val. El. p.: pagalba@barbora.lt. Daržovės ir vaisiai 215. Agurkai ir pomidorai 30; Paprikos ir baklažanai 14; Bulvės, morkos ir kopūstai 20; Svogūnai, porai ir česnakai 8 ...</li>
<li><a href="9.html">DARŽOVĖS - E-gulbelė</a><br> Džiovintos daržovės. Platus prieskonių pasirinkimas ir ne tik. Didelis pasirinkimas, lengvas apsipirkimas, greitas pristatymas, paprasta registracija.</li>
</ul>
				</p>
		</div>
		<br class="clearfix"   id="Mxes4w11E5BR"/>
	</div>
</div>
<div id="footer">
	&copy; Untitled. All rights reserved | </a>.
</div>
</body>
</html>